<?xml version="1.0" encoding="UTF-8"?><collection xmlns="http://www.loc.gov/MARC21/slim"><record><leader>00429nam--2200157-i-4500</leader><controlfield tag="001">000005061</controlfield><controlfield tag="002">20161230</controlfield><controlfield tag="005">20170207233531</controlfield><controlfield tag="008">060222s1000------------r-----000-0-eng-d</controlfield><datafield ind1=" " ind2=" " tag="100"><subfield code="a">Colson, I. D</subfield></datafield><datafield ind1=" " ind2=" " tag="245"><subfield code="a">Power transister design for high current operation</subfield></datafield><datafield ind1=" " ind2=" " tag="260"><subfield code="a">Wembly</subfield><subfield code="b">The General Electric Co.Ltd</subfield><subfield code="c">1958</subfield></datafield><datafield ind1=" " ind2=" " tag="300"><subfield code="a">9 p</subfield></datafield><datafield ind1=" " ind2=" " tag="490"><subfield code="a">Communication Nr.800</subfield></datafield><datafield ind1=" " ind2=" " tag="700"><subfield code="a">Young, M. R. P</subfield></datafield><datafield ind1=" " ind2=" " tag="CAT"><subfield code="a">SYS</subfield><subfield code="c">20170207</subfield><subfield code="h">233531</subfield></datafield></record></collection>